@article{salamanca,
  title = {Cálculo de los parámetros de un modelo matemático para estimar radiación solar directa en {B}ogotá},
  author={Hurtado, A. and Salamanca, J.},
  journal={Revista donde se publicó},
  volume={1},
  number={2},
  pages={101-110},
  year={2003},
  publisher={Universidad Distrtial}
}

@article{reyes,
  title={Didáctica de la física: el profesor novato de física},
  author={Arcos, F. and Reyes, J. and Lombana, C.},
  journal={Revista donde se publicó},
  year={2010},
  publisher={Universidad Distrtial}
}

