@book{giancoli1998physics,
  title={Physics: principles with applications},
  author={Giancoli, Douglas C and British Dietetic Association and others},
  volume={5},
  year={1998},
  publisher={Prentice Hall Upper Saddle River, NJ, USA:}
}

@misc{alexander2002fundamentos,
  title={Fundamentos de circuitos el{\'e}ctricos McGraw-Hill},
  author={Alexander, CK and Sadiku, MNO},
  year={2002},
  publisher={M{\'e}xico}
}

@article{pedraja2012modelo,
  title={Modelo computacional de Gymnotus omarorum: Un pez el{\'e}ctrico de pulso con {\'o}rgano distribuido},
  author={Pedraja, Federico},
  year={2012}
}

@book{shalimova1975fisica,
  title={F{\'\i}sica de los Semiconductores},
  author={Shal{\'\i}mova, Klavdia V and Grdiam, Akop},
  year={1975}
}

@book{serway1997fisica,
  title={f{\'\i}sica tomo II},
  author={Serway, Raymond A},
  journal={Editorial McGraw-Hill},
  pages={326},
  year={1997}
}

@book{hecht2000optica,
  title={{\'O}ptica},
  author={Hecht, Eugene and Dal Col, Raffaello and Talavera, Rosa Weigand and P{\'e}rez, Jos{\'e} Manuel Guerra},
  year={2000},
  publisher={Addison Wesley}
}

@book{miakishev1995bujovsev,
  title={Bujovsev. F{\'\i}sica 4. Editorial Mir Mosc{\'u}. Mosc{\'u}. 198658. Frumento A. Biof{\'\i}sica},
  author={Mi{\'a}kishev, G},
  year={1995},
  publisher={Mosby/Doyma Libros. Madrid}
}

@book{gautreau2001fisica,
  title={Fisica moderna.},
  author={Gautreau, Ronald and Savin, William and Velazquez Valle, DR},
  year={2001}
}

@book{albella1996fundamentos,
  title={Fundamentos de electr{\'o}nica f{\'\i}sica y microelectr{\'o}nica},
  author={Albella, Jos{\'e} Mar{\'\i}a and Mart{\'\i}nez-Duart, Jos{\'e} Manuel},
  year={1996},
  publisher={Addison-Wesley Iberoamericana}
}

@book{ostle1981estadistica,
  title={Estad{\'\i}stica aplicada},
  author={Ostle, Bernard},
  year={1981},
  publisher={Limusa}
}


@book{alcocer2006programacion,
  title={Programaci{\'o}n en C++ para ingenieros},
  author={Alcocer, Pere-Pau Vazquez and Gomez, Jordi Marco and Prat, Angela Martin and Albareda, Xavier Molinero},
  year={2006},
  publisher={Editorial Paraninfo}
}

@book{mckinney2012python,
  title={Python for data analysis: Data wrangling with Pandas, NumPy, and IPython},
  author={McKinney, Wes},
  year={2012},
  publisher={OReilly Media, Inc.}
}

@article{kathirvel2009global,
  title={Global mobile information system simulator in Fedora Linux},
  author={Kathirvel, Ayyaswamy and Srinivasan, R},
  journal={ACM Computer Communication Review},
  volume={1},
  number={1},
  year={2009}
}

@book{hoile2014raspberry,
  title={Raspberry Pi and AVR Projects: Augmenting the Pi's ARM with the Atmel ATmega, ICs, and Sensors},
  author={Hoile, Cefn and Bowman, Clare and Meijer, Sjoerd Dirk and Corteil, Brian and Orsini, Lauren and Mott, Troy},
  year={2014},
  publisher={Maker Media, Inc.}
}


@book{eaton1997gnu,
  title={Gnu octave},
  author={Eaton, John Wesley and Bateman, David and Hauberg, S{\o}ren},
  year={1997},
  publisher={Network thoery London}
}

@book{burtch2004linux,
  title={Linux shell scripting with bash},
  author={Burtch, Ken O},
  year={2004},
  publisher={Pearson Higher Education}
}

@article{herrador2009guia,
  title={Gu{\'\i}a de Usuario de Arduino},
  author={Herrador, Rafael Enr{\'\i}quez},
  journal={Universidad de C{\'o}rdoba},
  pages={8},
  year={2009}
}

@article{behlendorf1999open,
  title={Open Sources: Voices from the Open Source Revolution},
  author={Behlendorf, Brian and Bradner, Scott and Hamerly, Jim and Mckusick, Tim and Paquin, Tom and Perens, Bruce and Raymond, Eric and Stallman, Richard and Tiemann, Michael and others},
  journal={Retrieved February},
  volume={10},
  pages={2001},
  year={1999}
}



@article{reyes,
  title={Didáctica de la física: el profesor novato de física},
  author={Arcos, F. and Reyes, J. and Lombana, C.},
  journal={Revista donde se publicó},
  year={2010},
  publisher={Universidad Distrtial}
}

